
@book{patankar2018numerical,
	author    = {Patankar, Suhas V}, 
	title     = {Numerical heat transfer and fluid flow},
	publisher = {McGraw--Hill Book Company},
	year      = 1980,
	volume    = {},
	series    = {},
	address   = {},
	edition   = 1,
	month     = {},
	note      = {},
	isbn      = {0-07-048740-5}
}